@article{lian2017can,
  title={Can decentralized algorithms outperform centralized algorithms? a case study for decentralized parallel stochastic gradient descent},
  author={Lian, Xiangru and Zhang, Ce and Zhang, Huan and Hsieh, Cho-Jui and Zhang, Wei and Liu, Ji},
  journal={Advances in neural information processing systems},
  volume={30},
  year={2017}
}

@@article{you2017scaling,
  title={Scaling sgd batch size to 32k for imagenet training},
  author={You, Yang and Gitman, Igor and Ginsburg, Boris},
  journal={arXiv preprint arXiv:1708.03888},
  volume={6},
  number={12},
  pages={6},
  year={2017}
}

@article{you2019large,
  title={Large batch optimization for deep learning: Training bert in 76 minutes},
  author={You, Yang and Li, Jing and Reddi, Sashank and Hseu, Jonathan and Kumar, Sanjiv and Bhojanapalli, Srinadh and Song, Xiaodan and Demmel, James and Keutzer, Kurt and Hsieh, Cho-Jui},
  journal={arXiv preprint arXiv:1904.00962},
  year={2019}
}

@article{devarakonda2017adabatch,
  title={Adabatch: Adaptive batch sizes for training deep neural networks},
  author={Devarakonda, Aditya and Naumov, Maxim and Garland, Michael},
  journal={arXiv preprint arXiv:1712.02029},
  year={2017}
}

@inproceedings{NEURIPS2018_3328bdf9,
 author = {Wangni, Jianqiao and Wang, Jialei and Liu, Ji and Zhang, Tong},
 booktitle = {Advances in Neural Information Processing Systems},
 editor = {S. Bengio and H. Wallach and H. Larochelle and K. Grauman and N. Cesa-Bianchi and R. Garnett},
 pages = {},
 publisher = {Curran Associates, Inc.},
 title = {Gradient Sparsification for Communication-Efficient Distributed Optimization},
 url = {https://proceedings.neurips.cc/paper/2018/file/3328bdf9a4b9504b9398284244fe97c2-Paper.pdf},
 volume = {31},
 year = {2018}
}


@article{dettmers20218,
  title={8-bit optimizers via block-wise quantization},
  author={Dettmers, Tim and Lewis, Mike and Shleifer, Sam and Zettlemoyer, Luke},
  journal={arXiv preprint arXiv:2110.02861},
  year={2021}
}

@article{keskar2016large,
  title={On large-batch training for deep learning: Generalization gap and sharp minima},
  author={Keskar, Nitish Shirish and Mudigere, Dheevatsa and Nocedal, Jorge and Smelyanskiy, Mikhail and Tang, Ping Tak Peter},
  journal={arXiv preprint arXiv:1609.04836},
  year={2016}
}

@article{goyal2017accurate,
  title={Accurate, large minibatch sgd: Training imagenet in 1 hour},
  author={Goyal, Priya and Doll{\'a}r, Piotr and Girshick, Ross and Noordhuis, Pieter and Wesolowski, Lukasz and Kyrola, Aapo and Tulloch, Andrew and Jia, Yangqing and He, Kaiming},
  journal={arXiv preprint arXiv:1706.02677},
  year={2017}
}

@article{kingma2014adam,
  title={Adam: A method for stochastic optimization},
  author={Kingma, Diederik P and Ba, Jimmy},
  journal={arXiv preprint arXiv:1412.6980},
  year={2014}
}

@inproceedings{he2016deep,
  title={Deep residual learning for image recognition},
  author={He, Kaiming and Zhang, Xiangyu and Ren, Shaoqing and Sun, Jian},
  booktitle={Proceedings of the IEEE conference on computer vision and pattern recognition},
  pages={770--778},
  year={2016}
}

@article{simonyan2014very,
  title={Very deep convolutional networks for large-scale image recognition},
  author={Simonyan, Karen and Zisserman, Andrew},
  journal={arXiv preprint arXiv:1409.1556},
  year={2014}
}

@inproceedings{szegedy2017inception,
  title={Inception-v4, inception-resnet and the impact of residual connections on learning},
  author={Szegedy, Christian and Ioffe, Sergey and Vanhoucke, Vincent and Alemi, Alexander},
  booktitle={Proceedings of the AAAI conference on artificial intelligence},
  volume={31},
  number={1},
  year={2017}
}

@article{gibiansky2017bringing,
  title={Bringing HPC techniques to deep learning},
  author={Gibiansky, Andrew},
  journal={Baidu Research, Tech. Rep.},
  year={2017}
}

@software{jax2018github,
  author = {James Bradbury and Roy Frostig and Peter Hawkins and Matthew James Johnson and Chris Leary and Dougal Maclaurin and George Necula and Adam Paszke and Jake Vander{P}las and Skye Wanderman-{M}ilne and Qiao Zhang},
  title = {{JAX}: composable transformations of {P}ython+{N}um{P}y programs},
  url = {http://github.com/google/jax},
  version = {0.3.13},
  year = {2018},
}

@article{mpi4jax,
  doi = {10.21105/joss.03419},
  url = {https://doi.org/10.21105/joss.03419},
  year = {2021},
  publisher = {The Open Journal},
  volume = {6},
  number = {65},
  pages = {3419},
  author = {Dion HÃ¤fner and Filippo Vicentini},
  title = {mpi4jax: Zero-copy MPI communication of JAX arrays},
  journal = {Journal of Open Source Software}
}